<?xml version='1.0' encoding='UTF-8'?>
<collection xmlns="http://www.loc.gov/MARC21/slim">
  <record>
    <controlfield tag="001">1</controlfield>
    <datafield tag="520" ind1=" " ind2=" ">
      <subfield code="a">Test Description</subfield>
    </datafield>
    <datafield tag="024" ind1="7" ind2=" ">
      <subfield code="2">lsid</subfield>
      <subfield code="a">urn:lsid:ubio.org:namebank:11815</subfield>
      <subfield code="q">alternateIdentifier</subfield>
    </datafield>
    <datafield tag="024" ind1="7" ind2=" ">
      <subfield code="2">ads</subfield>
      <subfield code="a">2011ApJS..192...18K</subfield>
      <subfield code="q">alternateIdentifier</subfield>
    </datafield>
    <datafield tag="024" ind1="7" ind2=" ">
      <subfield code="2">doi</subfield>
      <subfield code="a">10.1234/alternate.doi</subfield>
      <subfield code="q">alternateIdentifier</subfield>
    </datafield>
    <datafield tag="711" ind1=" " ind2=" ">
      <subfield code="c">Harvard-Smithsonian Center for Astrophysics</subfield>
      <subfield code="a">The 13th Biennial HITRAN Conference</subfield>
      <subfield code="g">HITRAN13</subfield>
      <subfield code="d">23-25 June, 2014</subfield>
      <subfield code="n">VI</subfield>
      <subfield code="p">1</subfield>
    </datafield>
    <datafield tag="035" ind1=" " ind2=" ">
      <subfield code="a">4</subfield>
    </datafield>
    <datafield tag="536" ind1=" " ind2=" ">
      <subfield code="c">1234</subfield>
      <subfield code="a">Grant Title</subfield>
    </datafield>
    <datafield tag="536" ind1=" " ind2=" ">
      <subfield code="c">4321</subfield>
      <subfield code="a">Title Grant</subfield>
    </datafield>
    <datafield tag="700" ind1=" " ind2=" ">
      <subfield code="u">CERN</subfield>
      <subfield code="4">ths</subfield>
      <subfield code="a">Smith, Jane</subfield>
    </datafield>
    <datafield tag="700" ind1=" " ind2=" ">
      <subfield code="u">CERN</subfield>
      <subfield code="4">ths</subfield>
      <subfield code="a">Kowalski, Jane</subfield>
    </datafield>
    <datafield tag="653" ind1="1" ind2=" ">
      <subfield code="a">kw1</subfield>
    </datafield>
    <datafield tag="653" ind1="1" ind2=" ">
      <subfield code="a">kw2</subfield>
    </datafield>
    <datafield tag="653" ind1="1" ind2=" ">
      <subfield code="a">kw3</subfield>
    </datafield>
    <datafield tag="260" ind1=" " ind2=" ">
      <subfield code="c">2014-02-27</subfield>
    </datafield>
    <datafield tag="700" ind1=" " ind2=" ">
      <subfield code="u">CERN</subfield>
      <subfield code="a">Doe, Jane</subfield>
    </datafield>
    <datafield tag="700" ind1=" " ind2=" ">
      <subfield code="u">CERN</subfield>
      <subfield code="a">Smith, John</subfield>
    </datafield>
    <datafield tag="700" ind1=" " ind2=" ">
      <subfield code="u">CERN</subfield>
      <subfield code="a">Nowak, Jack</subfield>
    </datafield>
    <datafield tag="035" ind1=" " ind2=" ">
      <subfield code="a">9876</subfield>
    </datafield>
    <datafield tag="024" ind1="7" ind2=" ">
      <subfield code="2">DOI</subfield>
      <subfield code="a">10.1234/foo.bar</subfield>
    </datafield>
    <datafield tag="700" ind1=" " ind2=" ">
      <subfield code="u">CERN</subfield>
      <subfield code="4">oth</subfield>
      <subfield code="a">Smith, Other</subfield>
    </datafield>
    <datafield tag="700" ind1=" " ind2=" ">
      <subfield code="u"></subfield>
      <subfield code="4">oth</subfield>
      <subfield code="a">Hansen, Viggo</subfield>
    </datafield>
    <datafield tag="700" ind1=" " ind2=" ">
      <subfield code="u">CERN</subfield>
      <subfield code="4">dtm</subfield>
      <subfield code="a">Kowalski, Manager</subfield>
    </datafield>
    <datafield tag="540" ind1=" " ind2=" ">
      <subfield code="u">http://zenodo.org</subfield>
      <subfield code="a">Creative Commons</subfield>
    </datafield>
    <datafield tag="650" ind1="1" ind2="7">
      <subfield code="a">cc-by</subfield>
      <subfield code="2">opendefinition.org</subfield>
    </datafield>
    <datafield tag="245" ind1=" " ind2=" ">
      <subfield code="a">Test title</subfield>
    </datafield>
    <datafield tag="650" ind1="1" ind2=" ">
      <subfield code="a">test_term</subfield>
    </datafield>
    <datafield tag="500" ind1=" " ind2=" ">
      <subfield code="a">notes</subfield>
    </datafield>
    <datafield tag="100" ind1=" " ind2=" ">
      <subfield code="u">CERN</subfield>
      <subfield code="a">Doe, John</subfield>
    </datafield>
    <datafield tag="773" ind1=" " ind2=" ">
      <subfield code="a">10.1234/foo.bar</subfield>
      <subfield code="i">cites</subfield>
      <subfield code="n">doi</subfield>
    </datafield>
    <datafield tag="773" ind1=" " ind2=" ">
      <subfield code="a">1234.4321</subfield>
      <subfield code="i">cites</subfield>
      <subfield code="n">arxiv</subfield>
    </datafield>
    <datafield tag="542" ind1=" " ind2=" ">
      <subfield code="l">open</subfield>
    </datafield>
    <datafield tag="347" ind1=" " ind2=" "/>
  </record>
</collection>
